<?xml version="1.0" encoding="UTF-8"?><collection xmlns="http://www.loc.gov/MARC21/slim"><record><leader>00373nam--2200121-i-4500</leader><controlfield tag="001">000030738</controlfield><controlfield tag="002">20161230</controlfield><controlfield tag="005">20161230201038</controlfield><controlfield tag="008">060222s1000------------r-----000-0-eng-d</controlfield><datafield ind1=" " ind2=" " tag="100"><subfield code="a">Mcconkey Gladys, Prock  A</subfield></datafield><datafield ind1=" " ind2=" " tag="245"><subfield code="a">Topics in chemical physics.based of the harvard lectures of peter j.w.debye</subfield></datafield><datafield ind1=" " ind2=" " tag="260"><subfield code="a">Amsterdam, Elsevier Publishing Co., 1962. Vi + 277p</subfield></datafield><datafield ind1=" " ind2=" " tag="852"><subfield code="a">18566</subfield></datafield></record></collection>